@article{lehnert2018,
	title={On the critical exponent of infinitely generated Veech groups},
	author={Lehnert, Ralf},
	journal={Mathematische Annalen},
	volume=368,
	number={3-4},
	pages={1017--1058},
	year={2017},
	publisher={springer}}

