@online={wikiart,
	title={Alliteration},
	url={https://de.wikipedia.org/wiki/Alliteration},
	%date={12.02.2019}
	}



