@ARTICLE{example,
  author  = {Other, Anthony Norman},
  title   = {Some things I did},
  year    = {2014},
  journal = {J.~Irrep. Res.},
  volume  = {1},
  number  = {1},
  pages   = {1-10}
}

@online{example2,
  title = {Alliteration},
  url = {https://de.wikipedia.org/wiki/Alliteration},
  urldate = {2019-03-12}
}


